@article{sahadat2011power,
  title={Power Quality Improvement of Large Power System Using a Conventional Method},
  author={Sahadat, Nazmus and Hossain, Shakhawat and Rahman, Arifur and Atique, Sharif Taufique and Touhiduzzaman, Md},
  journal={Engineering},
  volume={3},
  number={8},
  pages={823},
  year={2011}
}

@inproceedings{mohapatra2014stimuli,
  title={Stimuli-controlled drug delivery system development with implantable biocompatible chitosan microbeads},
  author={Mohapatra, Ankita and Sahadat, Nazmus and Morshed, Bashir I and McGraw, Gregory and Hoban, Alex P and Jenning, Jessica A and Haggard, Warren O and Bumgardner, Joel D and Mishra, Sanjay R},
  booktitle={IAJC-ISAM InternationalConference},
  year={2014}
}

@inproceedings{consul2014wearable,
  title={Wearable ambulatory 2-channel EEG NeuroMonitor platform for real-life engagement monitoring based on brain activities at the prefrontal cortex},
  author={Consul-Pacareu, Sergi and Mahajan, Ruhi and Sahadat, MN and Morshed, Bashir I},
  booktitle={4th IAJC/ISAM Joint Intl. Conf., FL},
  pages={78},
  year={2014}
}

@inproceedings{mahajan2013ambulatory,
  title={Ambulatory EEG NeuroMonitor platform for engagement studies of children with development delays},
  author={Mahajan, Ruhi and Consul-Pacareu, Sergi and Abusaud, Mohammed and Sahadat, Md N and Morshed, Bashir I},
  booktitle={Smart Biomedical and Physiological Sensor Technology X},
  volume={8719},
  pages={104--113},
  year={2013},
  organization={SPIE}
}

@inproceedings{sahadat2013wireless,
  title={Wireless ambulatory ECG signal capture for HRV and cognitive load study using the NeuroMonitor platform},
  author={Sahadat, Md Nazmus and Consul-Pacareu, S and Morshed, Bashir I},
  booktitle={2013 6th International IEEE/EMBS Conference on Neural Engineering (NER)},
  pages={497--500},
  year={2013},
  organization={IEEE}
}

@inproceedings{sahadat2014investigation,
  title={Investigation of electrical stimulus on chitosan film based DDS},
  author={Sahadat, Md Nazmus and Hoban, Alex P and Morshed, Bashir I and Haggard, Warren O},
  booktitle={2014 36th Annual International Conference of the IEEE Engineering in Medicine and Biology Society},
  pages={1424--1427},
  year={2014},
  organization={IEEE}
}

@inproceedings{sahadat2014hardware,
  title={Hardware-efficient robust biometric identification from 0.58 second template and 12 features of limb (Lead I) ECG signal using logistic regression classifier},
  author={Sahadat, Md Nazmus and Jacobs, Eddie L and Morshed, Bashir I},
  booktitle={Engineering in Medicine and Biology Society (EMBC), 2014 36th Annual International Conference of the IEEE},
  pages={1440--1443},
  year={2014},
  organization={IEEE}
}

@inproceedings{sahadat2011real,
  title={Real power transfer capability enhancement of transmission lines using SVC},
  author={Sahadat, Md Nazmus and Al Masood, Nahid and Hossain, Md Shakhawat and Rashid, Gilmanur and Chowdhury, A Hasib},
  booktitle={Asia-Pacific Power and Energy Engineering Conference},
  pages={1--4},
  year={2011},
  organization={IEEE Computer Society}
}

@inproceedings{sahadat2011reliability,
  title={Reliability evaluation of Bangladesh Power System using cumulant method},
  author={Sahadat, MN and Deeba, SR and Ahmad, S and Biswas, GAK and Elahi, AU and Zakaria, NM and others},
  booktitle={2011 3rd International Conference on Electronics Computer Technology},
  volume={2},
  pages={127--131},
  year={2011},
  organization={IEEE}
}

@inproceedings{sahadat2015multimodal,
  title={A multimodal human computer interface combining head movement, speech and tongue motion for people with severe disabilities},
  author={Sahadat, Md Nazmus and Alreja, Arish and Srikrishnan, Pooja and Ghovanloo, Maysam},
  booktitle={2015 IEEE biomedical circuits and systems conference (BioCAS)},
  pages={1--4},
  year={2015},
  organization={IEEE}
}

@inproceedings{sahadat2015live,
  title={Live demonstration: A tongue-operated multimodal human computer interface and robotic rehabilitation system},
  author={Sahadat, Md Nazmus and Zhang, Z and Alreja, Arish and Srikrishnan, Pooja and Ostadabbas, Sarah and Sebkhi, Nordine and Ghovanloo, Maysam},
  booktitle={2015 IEEE Biomedical Circuits and Systems Conference (BioCAS)},
  pages={1--1},
  year={2015},
  organization={IEEE}
}

@inproceedings{zhang2015enhancements,
  title={Enhancements of a tongue-operated robotic rehabilitation system},
  author={Zhang, Zhenxuan and Ostadabbas, Sarah and Sahadat, Md Nazmus and Sebkhi, Nordine and Wu, David and Butler, Andrew J and Ghovanloo, Maysam},
  booktitle={2015 IEEE Biomedical Circuits and Systems Conference (BioCAS)},
  pages={1--4},
  year={2015},
  organization={IEEE}
}

@inproceedings{jafari2015live,
  title={Live demonstration: Towards an ultra low power on-board processor for Tongue Drive System},
  author={Jafari, Ali and Buswell, Nathanael and Page, Adam and Mohsenin, Tinoosh and Sahadat, Md Nazmus and Ghovanloo, Maysam},
  booktitle={2015 IEEE Biomedical Circuits and Systems Conference (BioCAS)},
  pages={1--1},
  year={2015},
  organization={IEEE}
}

@misc{morshed2015patterned,
  title={Patterned carbon nanotube electrode},
  author={Morshed, Bashir I and Sahadat, Md N and Consul-pacareu, Sergi},
  year={2015},
  month=dec # "~24",
  note={US Patent App. 14/725,885}
}

@inproceedings{ghovanloo2017tapping,
  title={Tapping into tongue motion to substitute or augment upper limbs},
  author={Ghovanloo, Maysam and Sahadat, M Nazmus and Zhang, Zhenxuan and Kong, Fanpeng and Sebkhi, Nordine},
  booktitle={Micro-and Nanotechnology Sensors, Systems, and Applications IX},
  volume={10194},
  pages={206--217},
  year={2017},
  organization={SPIE}
}

@article{sahadat2017efficacy,
  title={Efficacy assessment of multimodal tongue drive system (mTDS) in comparison to keyboard and mouse (KnM)},
  author={Sahadat, Nazmus and Ghovanloo, Maysam},
  journal={Archives of Physical Medicine and Rehabilitation},
  volume={98},
  number={12},
  pages={e163--e164},
  year={2017},
  publisher={Elsevier}
}

@article{sahadat2014investigation,
  title={Investigation of Electrical Stimuli for Controlled Drug Release from Chitosan DDS},
  author={Sahadat, Md Nazmus},
  year={2014}
}

@article{sahadat2017simultaneous,
  title={Simultaneous multimodal PC access for people with disabilities by integrating head tracking, speech recognition, and tongue motion},
  author={Sahadat, M Nazmus and Alreja, Arish and Ghovanloo, Maysam},
  journal={IEEE transactions on biomedical circuits and systems},
  volume={12},
  number={1},
  pages={192--201},
  year={2017},
  publisher={IEEE}
}

@article{sahadat2018comparing,
  title={Comparing the use of single versus multiple combined abilities in conducting complex computer tasks hands-free},
  author={Sahadat, Md Nazmus and Alreja, Arish and Mikail, Nima and Ghovanloo, Maysam},
  journal={IEEE Transactions on Neural Systems and Rehabilitation Engineering},
  volume={26},
  number={9},
  pages={1868--1877},
  year={2018},
  publisher={IEEE}
}

@article{sahadat2018independent,
  title={An independent tongue-operated assistive system for both access and mobility},
  author={Sahadat, Md Nazmus and Dighe, Shreyas and Islam, Fatima and Ghovanloo, Maysam},
  journal={IEEE Sensors Journal},
  volume={18},
  number={22},
  pages={9401--9409},
  year={2018},
  publisher={IEEE}
}

@inproceedings{sahadat2018simultaneous,
  title={Simultaneous Multimodal Access to Wheelchair and Computer for People with Tetraplegia},
  author={Sahadat, Nazmus and Sebkhi, Nordine and Ghovanloo, Maysam},
  booktitle={Proceedings of the 2018 on International Conference on Multimodal Interaction},
  pages={393--399},
  year={2018},
  organization={ACM}
}

@inproceedings{kong2018development,
  title={Development and preliminary assessment of an arch-shaped stand-alone intraoral tongue drive system for people with tetraplegia},
  author={Kong, Fanpeng and Sahadat, Md Nazmus and Ghovanloo, Maysam},
  booktitle={2018 IEEE Biomedical Circuits and Systems Conference (BioCAS)},
  pages={1--4},
  year={2018},
  organization={IEEE}
}

@inproceedings{sahadat2018standalone,
  title={Standalone assistive system to employ multiple remaining abilities in people with tetraplegia},
  author={Sahadat, Md Nazmus and Sebkhi, Nordine and Kong, Fanpeng and Ghovanloo, Maysam},
  booktitle={2018 IEEE Biomedical Circuits and Systems Conference (BioCAS)},
  pages={1--4},
  year={2018},
  organization={IEEE}
}

@article{sahadat2018optimization,
  title={Optimization of tongue gesture processing algorithm for standalone multimodal tongue drive system},
  author={Sahadat, Md Nazmus and Sebkhi, Nordine and Anderson, David and Ghovanloo, Maysam},
  journal={IEEE Sensors Journal},
  volume={19},
  number={7},
  pages={2704--2712},
  year={2018},
  publisher={IEEE}
}

@article{sebkhi2019deep,
  title={A deep neural network-based permanent magnet localization for tongue tracking},
  author={Sebkhi, Nordine and Sahadat, Nazmus and Hersek, Sinan and Bhavsar, Arpan and Siahpoushan, Shayan and Ghoovanloo, Maysam and Inan, Omer T},
  journal={IEEE Sensors Journal},
  volume={19},
  number={20},
  pages={9324--9331},
  year={2019},
  publisher={IEEE}
}

@article{kong2019stand,
  title={A stand-alone intraoral tongue-controlled computer interface for people with tetraplegia},
  author={Kong, Fanpeng and Sahadat, Md Nazmus and Ghovanloo, Maysam and Durgin, Gregory D},
  journal={IEEE transactions on biomedical circuits and systems},
  volume={13},
  number={5},
  pages={848--857},
  year={2019},
  publisher={IEEE}
}

@article{sebkhi2023evaluation,
  title={Evaluation of multimodal tongue drive system by people with tetraplegia for computer access},
  author={Sebkhi, Nordine and Sahadat, Md Nazmus and Walling, Erica and Hoefnagel, Michelle and Chris, Fulcher and Kong, Fanpeng and Tonuzi, Geneva and Osborne, Raine and Ghovanloo, Maysam and Anderson, David},
  journal={Authorea Preprints},
  year={2023},
  publisher={Authorea}
}

@article{sahadatevaluation,
  title={Evaluation of Multimodal Tongue Drive System by People with Tetraplegia for Computer Access},
  author={Sahadat, Md Nazmus and Sebkhi, Nordine and Bhavsar, Arpan and Walling, Erica and Hoefnagel, Michelle and Chris, Fulcher}
}

@article{sebkhi2021evaluation,
  title={Evaluation of a head-tongue controller for power wheelchair driving by people with quadriplegia},
  author={Sebkhi, Nordine and Bhavsar, Arpan and Sahadat, Nazmus and Baldwin, Jesse and Walling, Erica and Biniker, Amber and Hoefnagel, Michelle and Tonuzi, Geneva and Osborne, Raine and Anderson, David V and others},
  journal={IEEE Transactions on Biomedical Engineering},
  volume={69},
  number={4},
  pages={1302--1309},
  year={2021},
  publisher={IEEE}
}

@inproceedings{sahadat2023fctgan,
  title={\uppercase{FCTGAN}: Enhancing Global Multi-Marketplace Fraud Models with a Novel Framework Using Condition-Based Synthetic Data Generation and Rapid Ignition (Oral Presentation)},
  author={Sahadat, Nazmus and Yang, James and Lu, JiaJian and Hao, Yuning and Li, Bo and Wallace, Vanessa},
  booktitle={2023 Amazon Machine Learning Conference (AMLC)},
  pages={1--6},
  year={2023},
  organization={AMLC}
}